<?xml version="1.0" encoding="UTF-8"?><collection xmlns="http://www.loc.gov/MARC21/slim"><record><leader>00358nam--2200133-i-4500</leader><controlfield tag="001">000046933</controlfield><controlfield tag="002">20161230</controlfield><controlfield tag="005">20161230201046</controlfield><controlfield tag="008">060222s1000------------r-----000-0-eng-d</controlfield><datafield ind1=" " ind2=" " tag="100"><subfield code="a">Wass, C.A.A</subfield></datafield><datafield ind1=" " ind2=" " tag="245"><subfield code="a">Introduction to electronic analoque computers</subfield></datafield><datafield ind1=" " ind2=" " tag="260"><subfield code="a">London, Pergamon Press, 1955, X+237p</subfield></datafield><datafield ind1=" " ind2=" " tag="490"><subfield code="a">Electronic And Waves Series</subfield></datafield><datafield ind1=" " ind2=" " tag="852"><subfield code="a">10306</subfield></datafield></record></collection>